<?xml version="1.0" encoding="UTF-8"?>
<collection xmlns:xsi="http://www.w3.org/2001/XMLSchema-instance" xsi:schemaLocation="http://www.loc.gov/MARC21/slim http://www.loc.gov/standards/marcxml/schema/MARC21slim.xsd" xmlns="http://www.loc.gov/MARC21/slim">
<record>
  <leader>01218cam a2200277 a 4500</leader>
  <controlfield tag="001">571802</controlfield>
  <controlfield tag="003">NNC</controlfield>
  <controlfield tag="005">20130423140108.0</controlfield>
  <controlfield tag="008">870610s1982    ir h          001 0dara d</controlfield>
  <datafield tag="035" ind1=" " ind2=" ">
    <subfield code="a">(OCoLC)19014125</subfield>
  </datafield>
  <datafield tag="035" ind1=" " ind2=" ">
    <subfield code="a">(OCoLC)ocm19014125</subfield>
  </datafield>
  <datafield tag="035" ind1=" " ind2=" ">
    <subfield code="a">(CStRLIN)NYCG87-B51628</subfield>
  </datafield>
  <datafield tag="035" ind1=" " ind2=" ">
    <subfield code="9">ACM5290CU</subfield>
  </datafield>
  <datafield tag="035" ind1=" " ind2=" ">
    <subfield code="a">(NNC)571802</subfield>
  </datafield>
  <datafield tag="040" ind1=" " ind2=" ">
    <subfield code="a">NjP</subfield>
    <subfield code="c">NjP</subfield>
  </datafield>
  <datafield tag="090" ind1=" " ind2=" ">
    <subfield code="a">BP193.13.A3</subfield>
    <subfield code="b">S519 1982</subfield>
  </datafield>
  <datafield tag="100" ind1="1" ind2=" ">
    <subfield code="a">Shajarī, Muḥammad ibn ʻAlī,</subfield>
    <subfield code="d">977 or 978-1053 or 1054.</subfield>
  </datafield>
  <datafield tag="245" ind1="1" ind2="0">
    <subfield code="a">Faḍl ziyārat al-Ḥusayn (ʻalayhi al-salām) /</subfield>
    <subfield code="c">taʾlīf Abī ʻAbd Allāh Muḥammad ibn ʻAlī ibn al-Ḥasan al-ʻAlawī al-Shajarī ; iʻdād al-Sayyid Aḥmad al-Ḥusaynī ; bi-ihtimām al-Sayyid Maḥmūd al-Marʻashī.</subfield>
  </datafield>
  <datafield tag="260" ind1=" " ind2=" ">
    <subfield code="a">[Qom] :</subfield>
    <subfield code="b">Maktabat ʻĀyat Allāh al-Marʻashī al-ʻĀmmah,</subfield>
    <subfield code="c">1403 [1982 or 1983]</subfield>
  </datafield>
  <datafield tag="300" ind1=" " ind2=" ">
    <subfield code="a">121 p. :</subfield>
    <subfield code="b">facsims. ;</subfield>
    <subfield code="c">25 cm.</subfield>
  </datafield>
  <datafield tag="490" ind1="1" ind2=" ">
    <subfield code="a">Min makhṭūṭāt Maktabat Āyat Allāh al-Marʻashī al-ʻĀmmah ;</subfield>
    <subfield code="v">6</subfield>
  </datafield>
  <datafield tag="500" ind1=" " ind2=" ">
    <subfield code="a">Includes indexes.</subfield>
  </datafield>
  <datafield tag="600" ind1="0" ind2="0">
    <subfield code="a">Ḥusayn ibn ʻAlī,</subfield>
    <subfield code="d">-680.</subfield>
  </datafield>
  <datafield tag="650" ind1=" " ind2="0">
    <subfield code="a">Hadith (Shiites)</subfield>
    <subfield code="v">Early works to 1800.</subfield>
  </datafield>
  <datafield tag="700" ind1="1" ind2=" ">
    <subfield code="a">Ḥusaynī, Aḥmad.</subfield>
  </datafield>
  <datafield tag="830" ind1=" " ind2="0">
    <subfield code="a">Min makhṭūṭāt Maktabat Āyat Allāh al-Marʻashī al-ʻĀmmah ;</subfield>
    <subfield code="v">6.</subfield>
  </datafield>
  <datafield tag="955" ind1=" " ind2=" ">
    <subfield code="b">CU01961101</subfield>
    <subfield code="d">off,glx</subfield>
    <subfield code="e">BP193.13.A3 S519 1982</subfield>
  </datafield>
</record>
</collection>